@online{chicu2020,
  author    = {Dorina Chicu},
  title     = {La valoración del riesgo financiero},
  year      = {2020},
  url       = {https://openaccess.uoc.edu/bitstream/10609/150126/1/LaValoracionDelRiesgoFinanciero.pdf},
  note      = {Accedido el 5 de septiembre de 2024}
}

@online{herrera2008,
  author    = {Maria de los Ángeles Herrera, Juan Terán},
  title     = {Conceptualización del riesgo de los mercados financieros},
  year      = {2024},
  url       = {https://www.redalyc.org/pdf/900/90075920006.pdf},
  note      = {Accedido el 5 de septiembre de 2024}
}

@online{seijas2024,
  author    = {María Seijas, Milagro Vivel, Rubén Lado, Sara Fernández},
  title     = {La evaluación del riesgo de crédito en las instituciones de microfinanzas: estado del arte},
  year      = {2017},
  url       = {http://www.revistas.espol.edu.ec/index.php/compendium/article/view/236/198},
  note      = {Accedido el 5 de septiembre de 2024}
}

@online{palacios2012,
  author    = {Alberto Palacios},
  title     = {Calificación de riesgo: definición e influencia en la última década},
  year      = {2012},
  url       = {https://digibuo.uniovi.es/dspace/bitstream/handle/10651/4017/ACC-.pdf;jsessionid=723581A47435AFB6D2FEC05A70379F77?sequence=1},
  note      = {Accedido el 5 de septiembre de 2024}
}

